@book{shen,
  title={Лекции по математической логике и теории алгоритмов. Часть 2. Языки и исчисления. Учебное пособие},
  author={Верещагин, Николай Константинович and Шень, Александр},
  year={2013},
  publisher={МЦНМО}
}